<?xml version="1.0" encoding="UTF-8"?><collection xmlns="http://www.loc.gov/MARC21/slim"><record><leader>00389nam--2200133-i-4500</leader><controlfield tag="001">000044818</controlfield><controlfield tag="002">20161230</controlfield><controlfield tag="005">20161230201044</controlfield><controlfield tag="008">060222s1000------------r-----000-0-eng-d</controlfield><datafield ind1=" " ind2=" " tag="100"><subfield code="a">Thomson, R.M., Wert Charles, A</subfield></datafield><datafield ind1=" " ind2=" " tag="245"><subfield code="a">Physics of solids</subfield></datafield><datafield ind1=" " ind2=" " tag="260"><subfield code="a">New York, Mcgraw-hill Book Co., 1964, Xii + 436p</subfield></datafield><datafield ind1=" " ind2=" " tag="490"><subfield code="a">Mcgraw-hill Series In Materials Science And Engineering</subfield></datafield><datafield ind1=" " ind2=" " tag="852"><subfield code="a">19669</subfield></datafield></record></collection>